@article{namdb,
	  title={The end of a myth: Distributed transactions can scale},
		  author={Zamanian, Erfan and Binnig, Carsten and Harris, Tim and Kraska, Tim},
			  journal={Proceedings of the VLDB Endowment},
				  volume={10},
					  number={6},
						  pages={685--696},
							  year={2017},
								  publisher={VLDB Endowment}
}

@inproceedings{cicada,
	  title={Cicada: Dependably fast multi-core in-memory transactions},
		  author={Lim, Hyeontaek and Kaminsky, Michael and Andersen, David G},
			  booktitle={Proceedings of the 2017 ACM International Conference on Management of Data},
				  pages={21--35},
					  year={2017},
						  organization={ACM}
}


@article{spanner,
	  title={Spanner: Googleâ€™s globally distributed database},
		  author={Corbett, James C and Dean, Jeffrey and Epstein, Michael and Fikes, Andrew and Frost, Christopher and Furman, Jeffrey John and Ghemawat, Sanjay and Gubarev, Andrey and Heiser, Christopher and Hochschild, Peter and others},
			  journal={ACM Transactions on Computer Systems (TOCS)},
				  volume={31},
					  number={3},
						  pages={8},
							  year={2013},
								  publisher={ACM}
}

@inproceedings{farm,
	  title={FaRM: Fast remote memory},
		  author={Dragojevi{\'c}, Aleksandar and Narayanan, Dushyanth and Castro, Miguel and Hodson, Orion},
			  booktitle={11th $\{$USENIX$\}$ Symposium on Networked Systems Design and Implementation ($\{$NSDI$\}$ 14)},
				  pages={401--414},
					  year={2014}
}

@inproceedings{fasst,
	  title={FaSST: Fast, Scalable and Simple Distributed Transactions with Two-Sided (RDMA) Datagram RPCs.},
		  author={Kalia, Anuj and Kaminsky, Michael and Andersen, David G},
			  booktitle={OSDI},
				  volume={16},
					  pages={185--201},
						  year={2016}
}

@inproceedings{echo,
	  title={Exploring storage class memory with key value stores},
		  author={Bailey, Katelin A and Hornyack, Peter and Ceze, Luis and Gribble, Steven D and Levy, Henry M},
			  booktitle={Proceedings of the 1st Workshop on Interactions of NVM/FLASH with Operating Systems and Workloads},
				  pages={4},
					  year={2013},
						  organization={ACM}
}
